@book{forsythe2000ground,
  title={Ground beetles.},
  author={Forsythe, Trevor G and others},
  number={Ed. 2},
  year={2000},
  publisher={Richmond Publishing Company Ltd}
}

@article{forsyth1988idealism, 
  title={Idealism, relativism, and the ethic of caring}, 
  author={Forsyth, Donelson R and Nye, Judith L and Kelley, Karl}, 
  journal={The Journal of Psychology}, 
  volume={122}, 
  number={3}, 
  pages={243--248}, 
  year={1988}, 
  publisher={Taylor \& Francis} 
} 

 

Gerber et al 2014 

@article{gerber2014deliberative, 

  title={Deliberative and non-deliberative persuasion: Mechanisms of opinion formation in EuroPolis}, 

  author={Gerber, Marl{\`e}ne and B{\"a}chtiger, Andr{\'e} and Fiket, Irena and Steenbergen, Marco and Steiner, J{\"u}rg}, 

  journal={European Union Politics}, 

  volume={15}, 

  number={3}, 

  pages={410--429}, 

  year={2014}, 

  publisher={Sage Publications Sage UK: London, England} 

} 

 

 

Bartels 2008 

@article{bartels2008principled, 

  title={Principled moral sentiment and the flexibility of moral judgment and decision making}, 

  author={Bartels, Daniel M}, 

  journal={Cognition}, 

  volume={108}, 

  number={2}, 

  pages={381--417}, 

  year={2008}, 

  publisher={Elsevier} 

} 

 

 

@article{strack2007erfahrung, 

  title={Erfahrung mit Forsyths' Ethic Position Questionnaire?(EPQ): Bedeutungsunabh{\"a}ngigkeit von Idealismus und Realismus oder Akquieszens und Biplorarit{\"a}t?}, 

  author={Strack, Micha and Gennerich, Carsten}, 

  year={2007} 

} 

 

@article{forsyth1980taxonomy, 

  title={A taxonomy of ethical ideologies.}, 

  author={Forsyth, Donelson R}, 

  journal={Journal of Personality and Social psychology}, 

  volume={39}, 

  number={1}, 

  pages={175}, 

  year={1980}, 

  publisher={American Psychological Association} 

} 

@article{forsyth1982effects, 

  title={The effects of ethical ideology on moral behavior}, 

  author={Forsyth, Donelson R and Berger, Rick E}, 

  journal={The Journal of Social Psychology}, 

  volume={117}, 

  number={1}, 

  pages={53--56}, 

  year={1982}, 

  publisher={Taylor \& Francis} 

} 

 

@article{davis2001measuring, 

  title={Measuring ethical ideology in business ethics: A critical analysis of the ethics position questionnaire}, 

  author={Davis, Mark A and Andersen, Mark G and Curtis, Mary B}, 

  journal={Journal of Business Ethics}, 

  volume={32}, 

  number={1}, 

  pages={35--53}, 

  year={2001}, 

  publisher={Springer} 

} 

 

@article{foot1967problem, 

  title={The problem of abortion and the doctrine of double effect}, 

  author={Foot, Philippa}, 

  year={1967} 

} 

 

@article{greene2009pushing, 

  title={Pushing moral buttons: The interaction between personal force and intention in moral judgment}, 

  author={Greene, Joshua D and Cushman, Fiery A and Stewart, Lisa E and Lowenberg, Kelly and Nystrom, Leigh E and Cohen, Jonathan D}, 

  journal={Cognition}, 

  volume={111}, 

  number={3}, 

  pages={364--371}, 

  year={2009}, 

  publisher={Elsevier} 

} 

 

@article{zhong2011ethical, 

  title={The ethical dangers of deliberative decision making}, 

  author={Zhong, Chen-Bo}, 

  journal={Administrative Science Quarterly}, 

  volume={56}, 

  number={1}, 

  pages={1--25}, 

  year={2011}, 

  publisher={SAGE Publications Sage CA: Los Angeles, CA} 

} 

 

@article{nichols2006moral, 

  title={Moral dilemmas and moral rules}, 

  author={Nichols, Shaun and Mallon, Ron}, 

  journal={Cognition}, 

  volume={100}, 

  number={3}, 

  pages={530--542}, 

  year={2006}, 

  publisher={Elsevier} 

} 

 

@article{greene2001fmri, 

  title={An fMRI investigation of emotional engagement in moral judgment}, 

  author={Greene, Joshua D and Sommerville, R Brian and Nystrom, Leigh E and Darley, John M and Cohen, Jonathan D}, 

  journal={Science}, 

  volume={293}, 

  number={5537}, 

  pages={2105--2108}, 

  year={2001}, 

  publisher={American Association for the Advancement of Science} 

} 